@inproceedings{DBLP:conf/semweb/EtcheverryV12,
  author    = {Lorena Etcheverry and
               Alejandro A. Vaisman},
  title     = "{{QB4OLAP:} {A} Vocabulary for {OLAP} Cubes on the Semantic Web}",
  booktitle = {{COLD}},
  year      = {2012}
}

@misc{dataCube,
  title="{The RDF Data Cube Vocabulary}",
  author={Richard Cyganiak and Dave Reynolds},
  howpublished={\url{http://www.w3.org/TR/2014/REC-vocab-data-cube-20140116/}}
}
